@ARTICLE {Lopez2004,
  author       = {E. Lopez and H. Opazo and L. Garc\'{i}a and P. Bastard},
  title        = {Online Reconfiguration Considering Variability Demand},
  journal 		= {IEEE Transactions on Power Systems},
  date         = {2004-02},
  volume       = {19},
  issue        = {1},
  pages        = {549-553},
}

@ARTICLE {Yin2009,
  author       = {S.-A. Yin and C.-N. Lu},
  title        = {Distribution Feeder Scheduling Considering Variable Load Profile and Outage Costs},
  journal 		= {IEEE Transactions on Power Systems},
  date         = {2009-05},
  volume       = {24},
  issue        = {2},
  pages        = {652-660},
}
